%% This BibTeX bibliography file was created using BibDesk.
%% http://bibdesk.sourceforge.net/

%% Created for Moises Castillo at 2019-07-23 13:44:51 -0500 


%% Saved with string encoding Unicode (UTF-8) 



@book{hockey_2007,
	Adsnote = {Provided by the SAO/NASA Astrophysics Data System},
	Adsurl = {https://ui.adsabs.harvard.edu/abs/2007bea..book.....H},
	Author = {{Hockey}, Thomas and {Trimble}, Virginia and {Williams}, Thomas R. and {Bracher}, Katherine and {Jarrell}, Richard A. and {March{\'e}}, Jordan D. and {Ragep}, F. Jamil and {Palmeri}, Joann and {Bolt}, Marvin},
	Date-Added = {2019-07-23 12:47:26 -0500},
	Date-Modified = {2019-07-23 12:53:36 -0500},
	Doi = {10.1007/978-0-387-30400-7},
	Title = {{The Biographical Encyclopedia of Astronomers}},
	Year = {2007},
	Bdsk-Url-1 = {https://doi.org/10.1007/978-0-387-30400-7},
	Bdsk-File-1 = {YnBsaXN0MDDSAQIDBFxyZWxhdGl2ZVBhdGhZYWxpYXNEYXRhXxAeLi4vbXN0aGVzaXNyZWYvaG9ja2V5XzIwMDcucGRmTxEBkgAAAAABkgACAAAMTWFjaW50b3NoIEhEAAAAAAAAAAAAAAAAAAAAAAAAAEJEAAH/////D2hvY2tleV8yMDA3LnBkZgAAAAAAAAAAAAAAAAAAAAAAAAAAAAAAAAAAAAAAAAAAAAAAAAAAAAAAAAAAAAAAAP////8AAAAAAAAAAAAAAAAAAQACAAAKIGN1AAAAAAAAAAAAAAAAAAttc3RoZXNpc3JlZgAAAgBJLzpVc2VyczptY2FzdGlsbG86RG9jdW1lbnRzOlByb2plY3RzOk1TVGhlc2lzOm1zdGhlc2lzcmVmOmhvY2tleV8yMDA3LnBkZgAADgAgAA8AaABvAGMAawBlAHkAXwAyADAAMAA3AC4AcABkAGYADwAaAAwATQBhAGMAaQBuAHQAbwBzAGgAIABIAEQAEgBHVXNlcnMvbWNhc3RpbGxvL0RvY3VtZW50cy9Qcm9qZWN0cy9NU1RoZXNpcy9tc3RoZXNpc3JlZi9ob2NrZXlfMjAwNy5wZGYAABMAAS8AABUAAgAQ//8AAAAIAA0AGgAkAEUAAAAAAAACAQAAAAAAAAAFAAAAAAAAAAAAAAAAAAAB2w==}}

@book{percy_2007,
	Adsnote = {Provided by the SAO/NASA Astrophysics Data System},
	Adsurl = {https://ui.adsabs.harvard.edu/abs/2007uvs..book.....P},
	Author = {{Percy}, John R.},
	Date-Added = {2019-07-23 12:38:07 -0500},
	Date-Modified = {2019-07-23 12:38:23 -0500},
	Title = {{Understanding Variable Stars}},
	Year = {2007},
	Bdsk-File-1 = {YnBsaXN0MDDSAQIDBFxyZWxhdGl2ZVBhdGhZYWxpYXNEYXRhXxAdLi4vbXN0aGVzaXNyZWYvcGVyY3lfMjAwNy5wZGZPEQGMAAAAAAGMAAIAAAxNYWNpbnRvc2ggSEQAAAAAAAAAAAAAAAAAAAAAAAAAQkQAAf////8OcGVyY3lfMjAwNy5wZGYAAAAAAAAAAAAAAAAAAAAAAAAAAAAAAAAAAAAAAAAAAAAAAAAAAAAAAAAAAAAAAAAA/////wAAAAAAAAAAAAAAAAABAAIAAAogY3UAAAAAAAAAAAAAAAAAC21zdGhlc2lzcmVmAAACAEgvOlVzZXJzOm1jYXN0aWxsbzpEb2N1bWVudHM6UHJvamVjdHM6TVNUaGVzaXM6bXN0aGVzaXNyZWY6cGVyY3lfMjAwNy5wZGYADgAeAA4AcABlAHIAYwB5AF8AMgAwADAANwAuAHAAZABmAA8AGgAMAE0AYQBjAGkAbgB0AG8AcwBoACAASABEABIARlVzZXJzL21jYXN0aWxsby9Eb2N1bWVudHMvUHJvamVjdHMvTVNUaGVzaXMvbXN0aGVzaXNyZWYvcGVyY3lfMjAwNy5wZGYAEwABLwAAFQACABD//wAAAAgADQAaACQARAAAAAAAAAIBAAAAAAAAAAUAAAAAAAAAAAAAAAAAAAHU}}

@article{wilk_1996,
	Adsnote = {Provided by the SAO/NASA Astrophysics Data System},
	Adsurl = {https://ui.adsabs.harvard.edu/abs/1996JAVSO..24..129W},
	Author = {{Wilk}, Stephen R.},
	Date-Added = {2019-07-17 19:06:37 -0500},
	Date-Modified = {2019-07-23 12:28:09 -0500},
	Journal = {Journal of the American Association of Variable Star Observers (JAAVSO)},
	Keywords = {Variable Stars, Variable Star History},
	Month = {Jan},
	Number = {2},
	Pages = {129-133},
	Title = {{Mythological Evidence for Ancient Observations of Variable Stars}},
	Volume = {24},
	Year = {1996},
	Bdsk-File-1 = {YnBsaXN0MDDSAQIDBFxyZWxhdGl2ZVBhdGhZYWxpYXNEYXRhXxAcLi4vbXN0aGVzaXNyZWYvd2lsa18xOTk2LnBkZk8RAYoAAAAAAYoAAgAADE1hY2ludG9zaCBIRAAAAAAAAAAAAAAAAAAAAAAAAABCRAAB/////w13aWxrXzE5OTYucGRmAAAAAAAAAAAAAAAAAAAAAAAAAAAAAAAAAAAAAAAAAAAAAAAAAAAAAAAAAAAAAAAAAAD/////AAAAAAAAAAAAAAAAAAEAAgAACiBjdQAAAAAAAAAAAAAAAAALbXN0aGVzaXNyZWYAAAIARy86VXNlcnM6bWNhc3RpbGxvOkRvY3VtZW50czpQcm9qZWN0czpNU1RoZXNpczptc3RoZXNpc3JlZjp3aWxrXzE5OTYucGRmAAAOABwADQB3AGkAbABrAF8AMQA5ADkANgAuAHAAZABmAA8AGgAMAE0AYQBjAGkAbgB0AG8AcwBoACAASABEABIARVVzZXJzL21jYXN0aWxsby9Eb2N1bWVudHMvUHJvamVjdHMvTVNUaGVzaXMvbXN0aGVzaXNyZWYvd2lsa18xOTk2LnBkZgAAEwABLwAAFQACABD//wAAAAgADQAaACQAQwAAAAAAAAIBAAAAAAAAAAUAAAAAAAAAAAAAAAAAAAHR}}

@article{fruth_2013,
	Adsnote = {Provided by the SAO/NASA Astrophysics Data System},
	Adsurl = {https://ui.adsabs.harvard.edu/abs/2013AJ....146..136F},
	Archiveprefix = {arXiv},
	Author = {{Fruth}, T. and {Cabrera}, J. and {Chini}, R. and {Csizmadia}, Sz. and {Dreyer}, C. and {Eigm{\"u}ller}, P. and {Erikson}, A. and {Kabath}, P. and {Kirste}, S. and {Lemke}, R. and {Murphy}, M. and {Pasternacki}, T. and {Rauer}, H. and {Titz-Weider}, R.},
	Date-Added = {2019-07-12 13:28:30 -0500},
	Date-Modified = {2019-07-12 13:29:16 -0500},
	Doi = {10.1088/0004-6256/146/5/136},
	Eid = {136},
	Eprint = {1309.1306},
	Journal = {\aj},
	Keywords = {binaries: eclipsing, stars: variables: general, techniques: photometric, Astrophysics - Solar and Stellar Astrophysics},
	Month = {Nov},
	Number = {5},
	Pages = {136},
	Primaryclass = {astro-ph.SR},
	Title = {{The Berlin Exoplanet Search Telescope II Catalog of Variable Stars. I. Characterization of Three Southern Target Fields}},
	Volume = {146},
	Year = {2013},
	Bdsk-Url-1 = {https://doi.org/10.1088/0004-6256/146/5/136}}

@book{sterken_1996,
	Adsnote = {Provided by the SAO/NASA Astrophysics Data System},
	Adsurl = {https://ui.adsabs.harvard.edu/abs/1996lcvs.book.....S},
	Author = {{Sterken}, C. and {Jaschek}, C.},
	Booktitle = {Light Curves of Variable Stars.~A Pictorial Atlas},
	Date-Added = {2019-07-12 13:21:54 -0500},
	Date-Modified = {2019-07-12 13:22:09 -0500},
	Title = {{Light Curves of Variable Stars, A Pictorial Atlas}},
	Year = 1996,
	Bdsk-File-1 = {YnBsaXN0MDDSAQIDBFxyZWxhdGl2ZVBhdGhZYWxpYXNEYXRhXxAfLi4vbXN0aGVzaXNyZWYvc3Rlcmtlbl8xOTk2LnBkZk8RAZQAAAAAAZQAAgAADE1hY2ludG9zaCBIRAAAAAAAAAAAAAAAAAAAAAAAAABCRAAB/////xBzdGVya2VuXzE5OTYucGRmAAAAAAAAAAAAAAAAAAAAAAAAAAAAAAAAAAAAAAAAAAAAAAAAAAAAAAAAAAAAAAD/////AAAAAAAAAAAAAAAAAAEAAgAACiBjdQAAAAAAAAAAAAAAAAALbXN0aGVzaXNyZWYAAAIASi86VXNlcnM6bWNhc3RpbGxvOkRvY3VtZW50czpQcm9qZWN0czpNU1RoZXNpczptc3RoZXNpc3JlZjpzdGVya2VuXzE5OTYucGRmAA4AIgAQAHMAdABlAHIAawBlAG4AXwAxADkAOQA2AC4AcABkAGYADwAaAAwATQBhAGMAaQBuAHQAbwBzAGgAIABIAEQAEgBIVXNlcnMvbWNhc3RpbGxvL0RvY3VtZW50cy9Qcm9qZWN0cy9NU1RoZXNpcy9tc3RoZXNpc3JlZi9zdGVya2VuXzE5OTYucGRmABMAAS8AABUAAgAQ//8AAAAIAA0AGgAkAEYAAAAAAAACAQAAAAAAAAAFAAAAAAAAAAAAAAAAAAAB3g==}}

@article{graham_2013,
	Abstract = {{This paper presents a comparison of popular period finding algorithms applied to the light curves of variable stars from the Catalina Real-Time Transient Survey, MACHO and ASAS data sets. We analyse the accuracy of the methods against magnitude, sampling rates, quoted period, quality measures (signal-to-noise and number of observations), variability and object classes. We find that measure of dispersion-based techniques -- analysis of variance with harmonics and conditional entropy -- consistently give the best results but there are clear dependences on object class and light-curve quality. Period aliasing and identifying a period harmonic also remain significant issues. We consider the performance of the algorithms and show that a new conditional entropy-based algorithm is the most optimal in terms of completeness and speed. We also consider a simple ensemble approach and find that it performs no better than individual algorithms.}},
	Author = {Graham, Matthew J. and Drake, Andrew J. and Djorgovski, S. G. and Mahabal, Ashish A. and Donalek, Ciro and Duan, Victor and Maker, Allison},
	Date-Added = {2019-07-11 12:07:04 -0500},
	Date-Modified = {2019-07-11 12:07:42 -0500},
	Doi = {10.1093/mnras/stt1264},
	Eprint = {http://oup.prod.sis.lan/mnras/article-pdf/434/4/3423/18501023/stt1264.pdf},
	Issn = {0035-8711},
	Journal = {Monthly Notices of the Royal Astronomical Society},
	Month = {08},
	Number = {4},
	Pages = {3423-3444},
	Title = {{A comparison of period finding algorithms}},
	Url = {https://doi.org/10.1093/mnras/stt1264},
	Volume = {434},
	Year = {2013},
	Bdsk-Url-1 = {https://doi.org/10.1093/mnras/stt1264},
	Bdsk-File-1 = {YnBsaXN0MDDSAQIDBFxyZWxhdGl2ZVBhdGhZYWxpYXNEYXRhXxAeLi4vbXN0aGVzaXNyZWYvZ3JhaGFtXzIwMTMucGRmTxEBkgAAAAABkgACAAAMTWFjaW50b3NoIEhEAAAAAAAAAAAAAAAAAAAAAAAAAEJEAAH/////D2dyYWhhbV8yMDEzLnBkZgAAAAAAAAAAAAAAAAAAAAAAAAAAAAAAAAAAAAAAAAAAAAAAAAAAAAAAAAAAAAAAAP////8AAAAAAAAAAAAAAAAAAQACAAAKIGN1AAAAAAAAAAAAAAAAAAttc3RoZXNpc3JlZgAAAgBJLzpVc2VyczptY2FzdGlsbG86RG9jdW1lbnRzOlByb2plY3RzOk1TVGhlc2lzOm1zdGhlc2lzcmVmOmdyYWhhbV8yMDEzLnBkZgAADgAgAA8AZwByAGEAaABhAG0AXwAyADAAMQAzAC4AcABkAGYADwAaAAwATQBhAGMAaQBuAHQAbwBzAGgAIABIAEQAEgBHVXNlcnMvbWNhc3RpbGxvL0RvY3VtZW50cy9Qcm9qZWN0cy9NU1RoZXNpcy9tc3RoZXNpc3JlZi9ncmFoYW1fMjAxMy5wZGYAABMAAS8AABUAAgAQ//8AAAAIAA0AGgAkAEUAAAAAAAACAQAAAAAAAAAFAAAAAAAAAAAAAAAAAAAB2w==}}

@article{porceddu_2008,
	Author = {Porceddu, Sebastian and Jetsu, Lauri and Markkanen, Tapio and Toivari-Viitala, Jaana},
	Date-Added = {2018-06-20 17:10:43 +0000},
	Date-Modified = {2019-06-17 14:08:23 -0500},
	Doi = {10.1017/S0959774308000395},
	Journal = {Cambridge Archaeological Journal},
	Number = {3},
	Pages = {327--339},
	Publisher = {Cambridge University Press},
	Title = {Evidence of Periodicity in Ancient Egyptian Calendars of Lucky and Unlucky Days},
	Volume = {18},
	Year = {2008},
	Bdsk-Url-1 = {https://doi.org/10.1017/S0959774308000395}}

@article{cabral_2018,
	Author = {Cabral, JB and S{\'a}nchez, B and Ramos, F and Gurovich, S and Granitto, P and Vanderplas, J},
	Date-Modified = {2019-07-11 12:07:27 -0500},
	Journal = {Astronomy and Computing},
	Publisher = {Elsevier},
	Title = {From FATS to feets: Further improvements to an astronomical feature extraction tool based on machine learning},
	Year = {2018},
	Bdsk-File-1 = {YnBsaXN0MDDSAQIDBFxyZWxhdGl2ZVBhdGhZYWxpYXNEYXRhXxAhLi4vbXN0aGVzaXNyZWYvY2FicmFsMjAxOGZhdHMucGRmTxEBnAAAAAABnAACAAAMTWFjaW50b3NoIEhEAAAAAAAAAAAAAAAAAAAAAAAAAEJEAAH/////EmNhYnJhbDIwMThmYXRzLnBkZgAAAAAAAAAAAAAAAAAAAAAAAAAAAAAAAAAAAAAAAAAAAAAAAAAAAAAAAAAAAP////8AAAAAAAAAAAAAAAAAAQACAAAKIGN1AAAAAAAAAAAAAAAAAAttc3RoZXNpc3JlZgAAAgBMLzpVc2VyczptY2FzdGlsbG86RG9jdW1lbnRzOlByb2plY3RzOk1TVGhlc2lzOm1zdGhlc2lzcmVmOmNhYnJhbDIwMThmYXRzLnBkZgAOACYAEgBjAGEAYgByAGEAbAAyADAAMQA4AGYAYQB0AHMALgBwAGQAZgAPABoADABNAGEAYwBpAG4AdABvAHMAaAAgAEgARAASAEpVc2Vycy9tY2FzdGlsbG8vRG9jdW1lbnRzL1Byb2plY3RzL01TVGhlc2lzL21zdGhlc2lzcmVmL2NhYnJhbDIwMThmYXRzLnBkZgATAAEvAAAVAAIAEP//AAAACAANABoAJABIAAAAAAAAAgEAAAAAAAAABQAAAAAAAAAAAAAAAAAAAeg=}}
